<record><leader>00000cas a2200000 a 4500</leader><controlfield tag="001">11221502</controlfield><controlfield tag="008">841002d18491871mdumr ne      0   a0eng c</controlfield><datafield ind1=" " ind2=" " tag="010"><subfield code="a">sn 89060422 </subfield></datafield><datafield ind1=" " ind2=" " tag="040"><subfield code="a">NYG</subfield><subfield code="b">eng</subfield><subfield code="c">NYG</subfield><subfield code="d">DLC</subfield><subfield code="d">MFN</subfield><subfield code="d">KNP</subfield><subfield code="d">OCL</subfield><subfield code="d">ZCU</subfield><subfield code="d">DLC</subfield><subfield code="d">OCLCQ</subfield><subfield code="d">OCLCF</subfield><subfield code="d">OCLCO</subfield></datafield><datafield ind1=" " ind2=" " tag="012"><subfield code="l">1</subfield></datafield><datafield ind1=" " ind2=" " tag="019"><subfield code="a">999635523</subfield></datafield><datafield ind1="0" ind2=" " tag="022"><subfield code="a">2155-8698</subfield><subfield code="2">1</subfield></datafield><datafield ind1="1" ind2=" " tag="029"><subfield code="a">AU@</subfield><subfield code="b">000020122150</subfield></datafield><datafield ind1=" " ind2=" " tag="042"><subfield code="a">pcc</subfield><subfield code="a">nsdp</subfield></datafield><datafield ind1=" " ind2=" " tag="043"><subfield code="a">n-us-md</subfield></datafield><datafield ind1="1" ind2="0" tag="050"><subfield code="a">ISSN RECORD</subfield></datafield><datafield ind1=" " ind2="4" tag="050"><subfield code="a">S1</subfield><subfield code="b">.A38</subfield></datafield><datafield ind1="1" ind2="0" tag="082"><subfield code="a">630</subfield><subfield code="2">14</subfield></datafield><datafield ind1="0" ind2=" " tag="130"><subfield code="a">American farmer (Baltimore, Md. : 1849)</subfield></datafield><datafield ind1=" " ind2="0" tag="222"><subfield code="a">American farmer</subfield><subfield code="b">(Baltimore, Md. 1849)</subfield></datafield><datafield ind1="1" ind2="4" tag="245"><subfield code="a">The American farmer.</subfield></datafield><datafield ind1=" " ind2=" " tag="260"><subfield code="a">Baltimore [Md.] :</subfield><subfield code="b">Samuel Sands</subfield></datafield><datafield ind1=" " ind2=" " tag="300"><subfield code="a">volumes</subfield></datafield><datafield ind1=" " ind2=" " tag="310"><subfield code="a">Monthly</subfield></datafield><datafield ind1=" " ind2=" " tag="336"><subfield code="a">text</subfield><subfield code="b">txt</subfield><subfield code="2">rdacontent</subfield></datafield><datafield ind1=" " ind2=" " tag="337"><subfield code="a">unmediated</subfield><subfield code="b">n</subfield><subfield code="2">rdamedia</subfield></datafield><datafield ind1=" " ind2=" " tag="338"><subfield code="a">volume</subfield><subfield code="b">nc</subfield><subfield code="2">rdacarrier</subfield></datafield><datafield ind1="0" ind2=" " tag="362"><subfield code="a">Vol. 5, no. 1 (July 1849)- ; New ser., v. 1, no. 1 (Jan. 1870)-</subfield></datafield><datafield ind1="1" ind2=" " tag="362"><subfield code="a">Ceased in 1871.</subfield></datafield><datafield ind1=" " ind2=" " tag="515"><subfield code="a">Publication suspended from [Jan.?] 1862 to June 1866, inclusive.</subfield></datafield><datafield ind1=" " ind2=" " tag="515"><subfield code="a">July 1849-June 1859 called [4th ser.]; July 1859-Dec. 1861 called 5th ser.; July 1866-Dec. 1869 called 6th ser.; Jan. 1870-Dec. 1871 called 7th ser.</subfield></datafield><datafield ind1=" " ind2=" " tag="530"><subfield code="a">Also issued online and on microfilm from University Microfilms (American periodical series, 1800-1850).</subfield></datafield><datafield ind1=" " ind2="0" tag="651"><subfield code="a">Baltimore (Md.)</subfield><subfield code="v">Newspapers.</subfield></datafield><datafield ind1=" " ind2="7" tag="655"><subfield code="a">Newspapers.</subfield><subfield code="2">fast</subfield><subfield code="0">(OCoLC)fst01423814</subfield></datafield><datafield ind1=" " ind2="7" tag="651"><subfield code="a">Maryland</subfield><subfield code="z">Baltimore.</subfield><subfield code="2">fast</subfield><subfield code="0">(OCoLC)fst01204292</subfield></datafield><datafield ind1=" " ind2=" " tag="752"><subfield code="a">United States</subfield><subfield code="b">Maryland</subfield><subfield code="d">Baltimore.</subfield></datafield><datafield ind1="1" ind2=" " tag="776"><subfield code="t">American farmer (Baltimore, Md. : 1849 : Online)</subfield><subfield code="w">(DLC)  2007255251</subfield><subfield code="w">(OCoLC)70683901</subfield></datafield><datafield ind1="1" ind2=" " tag="776"><subfield code="t">American farmer (Baltimore, Md. : 1849)</subfield><subfield code="w">(DLC)sf 89090732</subfield><subfield code="w">(OCoLC)10313732</subfield></datafield><datafield ind1="0" ind2="0" tag="780"><subfield code="t">American farmer, and spirit of the agricultural journals of the day</subfield><subfield code="x">2155-5443</subfield><subfield code="w">(DLC)sn 89060421</subfield><subfield code="w">(OCoLC)9850435</subfield></datafield><datafield ind1="0" ind2="0" tag="785"><subfield code="t">American farmer and rural register</subfield><subfield code="x">2155-5419</subfield><subfield code="w">(DLC)sn 90057016</subfield><subfield code="w">(OCoLC)21438495</subfield></datafield><datafield ind1="4" ind2="1" tag="856"><subfield code="u">http://proquest.umi.com/pqdweb?RQT=318&amp;VName=HNP&amp;pmid=41607</subfield></datafield></record>